@online{CICguide,
title = "A Beginner's Guide To Cascaded Integrator-Comb (CIC) Filters",
year = "2020",
author ="Rick,Lyons",
}
@online{WHODAT,
title = "Epilepsy",
year = "2022",
author ="",
}

@article{fastICA,
title = "Fast and Robust Fixed-Point Algorithms for Independent Component Analysis",
journal = "IEEE Transactions on Neural Networks",
volume = "10",
number = "3",
year = "1999", 
author = "Aapo,Hyvarinen"
}
@article{artifacts,
title = "Removal of Artifacts from EEG Signals: A Review",
journal = "Sensors",
volume = "19",
number = "5",
year = "2019", 
author = "Xiao,Jiang and Gui-Bin,Bian and Zean,Tian"
}
@article{artifactsImage,
title = "EEG artifact removal—state-of-the-art and guidelines",
journal = "Journal of Neural Engineering",
volume = "12",
year = "2015", 
author = "Jose,Antonio Urigüen and Begoña,Garcia-Zapirain"
}
@article{ICA,
title = "Independent component analysis: An introduction",
journal = "Applied Computing and Informatics",
volume = "17",
number = "2",
year = "2020", 
author = "Alaa,Tharwat"
}
@article{seizurePredict,
title = "Seizure prediction for therapeutic devices: A review",
journal = "Journal of Neuroscience Methods",
volume = "260",
pages = "270--282",
year = "2016", 
author = "Kais,Gadhoumi and Jean-Marc,Lina and Florian,Mormann and Jean,Gotman"
}
@article{seizureEpilepsy,
title = "Seizures and Epilepsy: An Overview for Neuroscientists",
journal = "Cold Spring Harbor Laboratory Press",
pages = "1--3",
year = "2015", 
author = "Carl E.,Stafstrom and Lionel,Carmant"
}
@article{acuratePrediction,
title = "Towards accurate prediction of epileptic seizures: A review",
journal = "Biomedical Signal Processing and Control",
volume = "34",
pages = "1--2",
year = "2017", 
author = "Elie Bou,Assi and Dang K.,Nguyen and Sandy,Rihana and Mohamad,Sawan"
}
@article{interictal,
title = "Its Possible Use for Interictal Focus Localization, Seizure Anticipation, and Prevention: Nonlinear EEG Analysis in Epilepsy:",
journal = "Journal of clinical neurophysiology: official publication of the American Electroencephalographic Society",
volume = "18",
number = "2",
pages = "209--222",
year = "2001", 
author = "Klaus,Lehnertz and Ralph G.,Andrzejak and Jochen,Arnhold and Thomas Kreuz"
}
@article{computePrediction,
title = "Epileptic seizure predictors based on computational intelligence techniques: a comparative study with 278 patients",
journal = "Comput Methods Programs Biomed.",
volume = "114",
number = "3",
pages = "324--336",
year = "2014", 
author = "Alexandre Teixeira,C and Direito,B and Bandarabadi,M and Le Van Quyen,M and Valderrama,M and Schelter,B and Schulze-Bonhage,A and Navarro,V and Sales,F and Dourado,A."
}
@article{MatchingFilter,
title = "Interictal spikes and epileptic seizures: their
relationship and underlying rhythmicity",
journal = "BRAIN:a journal of neurology",
volume = "139",
number = "4",
pages = "1066-1078",
year = "2016 ", 
author = "Philippa j.,Karoly and Dean,R.Freestone and Ray,Boston and David B., Grayden and David,Himes and Kent,Leyde and Udaya,Seneviratne and Samuel,Berkovic and Terence,O'Brien and Mark,J.Cook "
}
@article{SpikeDetection,
title = "Epileptic seizure prediction based on EEG spikes detection of
ictal-preictal states",
journal = "The Journal of Biomedical Research",
volume = "34",
number = "3",
pages = "162-169",
year = "2020", 
author = "Itaf,Ben Slimen and Larbi, Boubchir and Hassene, Seddik "
}
@article{MatchingFilter2,
title = "A matched-filter algorithm to detect amperometric spikes resulting from quantal secretion",
journal = "J Neurosci Methods",
volume = "293",
number = " ",
pages = "338-346",
year = "2018", 
author = "Supriya,Balaji and Ramachandran and Kevid, D.Gillis"
}
@article{EEGPrimer,
title = "A Primer on Electroencephalography and Event-Related Potentials for Organizational Neuroscience",
journal = "SAGE journals",
volume = "22",
number = "1",
pages = "69-94",
year = "2018", 
author = "Ruxandra I. Tivadar and Micah M.Murray"
}
@article{CHB-MIT,
title = " PhysioBank, PhysioToolkit, and PhysioNet: Components of a new research resource for complex physiologic signals. Circulation [Online]",
pages = "e215–e220",
year = "2000", 
author = "Goldberger, A.and L. Amaral and L. Glass and J. Hausdorff, P. C. Ivanov and R. Mark, J. E. Mietus and G. B. Moody and C. K. Peng and and H. E. Stanley"
}
@article{electrodmodel,
title = "A Novel Passive Method for the Assessment of Skin-Electrode Contact Impedance in Intraoperative Neurophysiological Monitoring Systems",
journal = "Scientific Reports",
volume = "10",
number = "1",
year = "2020", 
author = "Alonso, Eduardo and Giannetti, Romano and Rodríguez-Morcillo, Carlos and Matanza, Javier and Muñoz-Frías, José Daniel"
}
@online{railsplit,
  title = {Sijosae Discreet Rail Splitter},
  year = 2020,
  url = {https://www.circuitlab.com/circuit/vrbyvnz3ubm9/sijosae-discreet-rail-splitter/},
  urldate = {2022-01-17}
}
@misc{CNNpaper,
title="Epilepsy Seizure Prediction on EEG Using Common Spatial Pattern and Convolutional Neural Network",
author="Zhang,Y and Guo,Y and Yang,P and Chen,W and Lo,B.",
year="2019"
}
@online{AtmelDeci,
  title = {AVR121: Enhancing ADC resolution by
oversampling},
  url = {https://ww1.microchip.com/downloads/en/appnotes/doc8003.pdf},
  urldate = {2022-01-17}
}
@online{OpenBCIcap,
  title = {Gelfree Electrode Cap Guide},
  url = {https://docs.openbci.com/AddOns/Headwear/GelfreeElectrodeCap/},
  urldate = {2022-01-17}
}
@online{EEamp,
  title = {Basics of using precision instrumentation amplifiers in single-supply designs},
  url = {https://www.eetimes.com/basics-of-using-precision-instrumentation-amplifiers-in-single-supply-designs/},
  urldate = {2022-01-17}
}